@online{FranckHertzHg,
  author    = {{LEIFIphysik}},
  title     = {Atomarer Energieaustausch},
  year      = {2025},
  url       = {https://www.leifiphysik.de/atomphysik/atomarer-energieaustausch/versuche/franck-hertz-versuch-mit-hg},
  note      = {Zugriff am: 1. Mai 2025}
}

@article{Hg_excitationEnergy,
  author    = {Gerald Rapior and Klaus Sengstock and Valery Baeva},
  title     = {New features of the Franck-Hertz experiment},
  journal   = {American Journal of Physics},
  year      = {2006},
  pages     = {423--428},
  doi       = {10.1119/1.2174033},
  publisher = {American Association of Physics Teachers}
}


@manual{praktikum4,
  title        = {Praktikumsanleitung zu Physikalisches Praktikum Teil IV:
Atome, Moleküle, Festkörper},
  author       = {Physikalisches Institut der Universität Bonn},
  organization = {Universität Bonn},
  year         = {2025}, 
}

@book{hg_EE,
  author    = {Brown, Laurie M. and Pais, Abraham. and Pippard, Brian.},
  title     = {Twentieth Century Physics. Vol. 1 },
  volume    = {1},
  pages     = {89},
  publisher = {American Institute of Physics Press},
  year      = {1995},
  isbn      = {9780750303538}
}



@manual{praktikum5_kernteilchenphysik,
  title        = {Praktikumsanleitung zu Versuch 5: Kern- und Teilchenphysik},
  author       = {{Physikalisches Institut der Universität Bonn}},
  organization = {Universität Bonn},
  year         = {2024},  
}

@misc{elektronikpraktikum_uni_bonn,
  title        = {Elektronikpraktikum},
  author       = {{Physikalisches Institut der Universität Bonn}},
  year         = {2023},  % Setze hier das Jahr, in dem du das Praktikum gemacht hast
  note         = {Universität Bonn, Physikalisches Institut}
}
@article{LD,
  author = {LD Handblätter Physik},
  title = {Beobachtung des normalen Zeemann-Effekts in transversaler und in longitudinaler Konfiguration},
  label = {LD},
}

@online{BachelorarbeitSzinti,
  author    = {{David Spülbeck}},
  title     = {Untersuchungen zur Energieauflösung des
zentralen Szintillationsdetektors des BGO-OD
Experiments},
  year      = {2018},
  url       = {https://www.pi.uni-bonn.de/schmieden/medien/medien-ergebnisse/bachelorarbeit_davidspuelbeck.pdf},
  note      = {Zugriff am: 11. November 2024}
}

@online{VorlesungSzinti,
  author    = {{Univ.Doz.DI.Dr. Manfred Krammer}},
  title     = {Detektoren in der Hochenergiephysik},
  url       = {https://web-docs.gsi.de/~wolle/Schuelerlabor/TALKS/DETEKTOREN/VO-5-Szintillatoren.pdf},
  note      = {Zugriff am: 11. November 2024}
}